@manual{sage,
  Key          = {Sage},
  Author       = {W.\thinspace{}A. Stein and others},
  Organization = {The Sage Development Team},
  Title        = {{S}age {M}athematics {S}oftware ({V}ersion 4.5.3)},
  note         = {{\tt http://www.sagemath.org}},
  Year         = {2010},
}
