@ARTICLE{melin,
   author = {{Melin}, J.-B. and {Bartlett}, J.~G. and {Delabrouille}, J.},
    title = "{Catalog extraction in SZ cluster surveys: a matched filter approach}",
  journal = {\aap},
   eprint = {astro-ph/0602424},
 keywords = {large-scale structure of Universe, galaxies: clusters: general, methods: data analysis},
     year = 2006,
    month = nov,
   volume = 459,
    pages = {341-352},
      doi = {10.1051/0004-6361:20065034},
   adsurl = {http://adsabs.harvard.edu/abs/2006A%26A...459..341M},
  adsnote = {Provided by the SAO/NASA Astrophysics Data System}
}

@ARTICLE{redmapper,
   author = {{Rykoff}, E.~S. and {Rozo}, E. and {Busha}, M.~T. and {Cunha}, C.~E. and 
	{Finoguenov}, A. and {Evrard}, A. and {Hao}, J. and {Koester}, B.~P. and 
	{Leauthaud}, A. and {Nord}, B. and {Pierre}, M. and {Reddick}, R. and 
	{Sadibekova}, T. and {Sheldon}, E.~S. and {Wechsler}, R.~H.},
    title = "{redMaPPer. I. Algorithm and SDSS DR8 Catalog}",
  journal = {\apj},
archivePrefix = "arXiv",
   eprint = {1303.3562},
 keywords = {galaxies: clusters: general},
     year = 2014,
    month = apr,
   volume = 785,
      eid = {104},
    pages = {104},
      doi = {10.1088/0004-637X/785/2/104},
   adsurl = {http://adsabs.harvard.edu/abs/2014ApJ...785..104R},
  adsnote = {Provided by the SAO/NASA Astrophysics Data System}
}


@ARTICLE{willman1,
   author = {{Willman}, B. and {Blanton}, M.~R. and {West}, A.~A. and {Dalcanton}, J.~J. and 
	{Hogg}, D.~W. and {Schneider}, D.~P. and {Wherry}, N. and {Yanny}, B. and 
	{Brinkmann}, J.},
    title = "{A New Milky Way Companion: Unusual Globular Cluster or Extreme Dwarf Satellite?}",
  journal = {\aj},
   eprint = {astro-ph/0410416},
 keywords = {Galaxies: Dwarf, Galaxies: Formation, Galaxy: Globular Clusters: General, Galaxies: Local Group, Surveys},
     year = 2005,
    month = jun,
   volume = 129,
    pages = {2692-2700},
      doi = {10.1086/430214},
   adsurl = {http://adsabs.harvard.edu/abs/2005AJ....129.2692W},
  adsnote = {Provided by the SAO/NASA Astrophysics Data System}
}

@article{exoplanet,
  author={Laurance R. Doyle and Hans J. Deeg and Valerij P. Kozhevnikov and Brian Oetiker and Eduardo L. Mart√≠n and J. Ellen
Blue and Lee Rottler and Remington P. S. Stone and Zoran Ninkov and Jon M. Jenkins and Jean Schneider and Edward W.
Dunham and Moira F. Doyle and Efthimious Paleologou},
  title={Observational Limits on Terrestrial-sized Inner Planets around the CM Draconis System Using the Photometric Transit Method with a Matched-Filter Algorithm},
  journal={The Astrophysical Journal},
  volume={535},
  number={1},
  pages={338},
  url={http://stacks.iop.org/0004-637X/535/i=1/a=338},
  year={2000},
}

@ARTICLE{ligo,
   author = {{Abbott}, B.~P. and {Abbott}, R. and {Abbott}, T.~D. and {Abernathy}, M.~R. and 
	{Acernese}, F. and {Ackley}, K. and {Adams}, C. and {Adams}, T. and 
	{Addesso}, P. and {Adhikari}, R.~X. and et al.},
    title = "{Observation of Gravitational Waves from a Binary Black Hole Merger}",
  journal = {Physical Review Letters},
archivePrefix = "arXiv",
   eprint = {1602.03837},
 primaryClass = "gr-qc",
     year = 2016,
    month = feb,
   volume = 116,
   number = 6,
      eid = {061102},
    pages = {061102},
      doi = {10.1103/PhysRevLett.116.061102},
   adsurl = {http://adsabs.harvard.edu/abs/2016PhRvL.116f1102A},
  adsnote = {Provided by the SAO/NASA Astrophysics Data System}
}

@ARTICLE{unwise-phot,
   author = {{Lang}, D. and {Hogg}, D.~W. and {Schlegel}, D.~J.},
    title = "{WISE Photometry for 400 Million SDSS Sources}",
  journal = {\aj},
 keywords = {catalogs, methods: data analysis, surveys, techniques: image processing},
     year = 2016,
    month = feb,
   volume = 151,
      eid = {36},
    pages = {36},
      doi = {10.3847/0004-6256/151/2/36},
   adsurl = {http://adsabs.harvard.edu/abs/2016AJ....151...36L},
  adsnote = {Provided by the SAO/NASA Astrophysics Data System}
}

@ARTICLE{brighter-fatter-1,
   author = {{Gruen}, D. and {Bernstein}, G.~M. and {Jarvis}, M. and {Rowe}, B. and 
	{Vikram}, V. and {Plazas}, A.~A. and {Seitz}, S.},
    title = "{Characterization and correction of charge-induced pixel shifts in DECam}",
  journal = {Journal of Instrumentation},
archivePrefix = "arXiv",
   eprint = {1501.02802},
 primaryClass = "astro-ph.IM",
     year = 2015,
    month = may,
   volume = 10,
      eid = {C05032},
    pages = {C05032},
      doi = {10.1088/1748-0221/10/05/C05032},
   adsurl = {http://adsabs.harvard.edu/abs/2015JInst..10C5032G},
  adsnote = {Provided by the SAO/NASA Astrophysics Data System}
}

